@book{OpenSources,
    title = {Open Sources 2.0: The Continuing Evolution},
    author = {Chris DiBona and Mark Stone and Danese Cooper},
    publisher = {O'Reilly Media},
    year = {2005}
}

@inproceedings{Emigh,
    author = {William G. Emigh and Susan C. Herring},
    title = {Collaborative Authoring on the Web: A Genre Analysis of Online Encyclopedias},
    booktitle = {Proceedings of the 38th Annual Hawaii International Conference on System Sciences},
    year = {2005},
    publisher = {IEEE Computer Society}
}

@article{Giles,
    author = {Jim Giles},
    title = {Internet Encyclopedias go head to head},
    journal = {Nature},
    year = {2005},
    month = {12},
    volume = {438},
    pages = {900--901},
    publisher = {Nature Publishing Group}
}

@inproceedings{LewoniewskiMeasures,
    author = {W{\l}odzimierz Lewoniewski},
    title = {Measures for Quality Assessment of Articles and Infoboxes in Multilingual Wikipedia},
    booktitle = {Business Information Systems Workshops},
    year = {2019},
    publisher = {Springer International Publishing},
    pages = {619--633}
}

@inproceedings{Blumenstock,
    author = {Joshua E. Blumenstock},
    title = {Size Matters: Word Count As a Measure of Quality on Wikipedia},
    booktitle = {Proceedings of the 17th International Conference on World Wide Web},
    year = {2008},
    pages = {1095--1096},
    publisher = {ACM}
}

@inproceedings{LewoniewskiQuality,
    author = {W{\l}odzimierz Lewoniewski and Krzysztof W{\k{e}}cel and Witold Abramowicz},
    title = {Quality and Importance of Wikipedia Articles in Different Languages},
    booktitle = {Information and Software Technologies},
    year = {2016},
    publisher = {Springer International Publishing},
    pages = {613--624}
}

@inproceedings{Xu,
    author = {Yanxiang Xu and Tiejian Luo},
    title = {Measuring article quality in Wikipedia: Lexical clue model},
    booktitle = {3rd Symposium on Web Society},
    year = {2011},
    pages = {141--146},
    publisher = {IEEE Computer Society}
}

@inproceedings{Kittur,
    author = {Aniket Kittur and Ed H. Chi and Bongwon Suh},
    title = {What's in Wikipedia?: Mapping Topics and Conflict Using Socially Annotated Category Structure},
    booktitle = {Proceedings of the SIGCHI Conference on Human Factors in Computing Systems},
    year = {2009},
    pages = {1509--1512},
    publisher = {ACM}
}

@article{Halavais,
    title = {An Analysis of Topical Coverage of Wikipedia},
    author = {Alexander Halavais and Derek Lackaff},
    journal = {Journal of Computer-Mediated Communication},
    year = {2008},
    volume = {13},
    pages = {429--440}
}

@article{Bizer,
    title = {DBpedia - A crystallization point for the Web of Data},
    journal = {Journal of Web Semantics},
    volume = {7},
    number = {3},
    pages = {154--165},
    year = {2009},
    author = {Christian Bizer and Jens Lehmann and Georgi Kobilarov and Sören Auer and Christian Becker and Richard Cyganiak and Sebastian Hellmann}
}

@article{NeubertLinking,
    author = {Joachim Neubert},
	title = {Linking knowledge organization systems via Wikidata},
	booktitle = {Proceedings of the 2018 International Conference on Dublin Core and Metadata Applications},
	year = {2018},
	pages = {3},
	publisher = {Dublin Core Metadata Initiative}
}

@inproceedings{NeubertOrganization,
    title = {Wikidata as a Linking Hub for Knowledge Organization Systems? Integrating an Authority Mapping into Wikidata and Learning Lessons for KOS Mappings},
    author = {Joachim Neubert},
    booktitle = {Proceedings of the 17th European Networked Knowledge Organization Systems (NKOS) Workshop co-located with the 21st International Conference on Theory and Practice of Digital Libraries (TDPL)},
    year = {2017},
    pages = {14--25}
}

@article{Aspert,
    author = {Nicolas Aspert and Volodymyr Miz and Benjamin Ricaud and Pierre Vandergheynst},
    title = {A Graph-structured Dataset for Wikipedia Research},
    journal = {Computing Research Repository},
    year = {2019}
}

@inproceedings{Mikolov,
    author = {Tomas Mikolov and Ilya Sutskever and Kai Chen and Greg Corrado and Jeffrey Dean},
    title = {Distributed Representations of Words and Phrases and Their Compositionality},
    booktitle = {Proceedings of the 26th International Conference on Neural Information Processing Systems},
    volume = {2},
    year = {2013},
    pages = {3111--3119},
    publisher = {Curran Associates Inc.}
}

@inproceedings{Grave,
    title = {Learning Word Vectors for 157 Languages},
    author = {Edouard Grave and Piotr Bojanowski and Prakhar Gupta and Armand Joulin and Tomas Mikolov},
    booktitle = {Proceedings of the International Conference on Language Resources and Evaluation},
    year = {2018},
    publisher = {European Language Resources Association}
}

@inproceedings{Milne,
    author = {David Milne and Ian H. Witten},
    title = {Learning to Link with Wikipedia},
    booktitle = {Proceedings of the 17th ACM Conference on Information and Knowledge Management},
    year = {2008},
    pages = {509--518},
    publisher = {ACM}
}

@inproceedings{Sumi, 
    author = {Róbert Sumi and Taha Yasseri and András Rung and András Kornai and János Kertész},
    booktitle = {2011 IEEE Third International Conference on Privacy, Security, Risk and Trust and 2011 IEEE Third International Conference on Social Computing},
    title = {Edit Wars in Wikipedia},
    year = {2011},
    pages = {724--727}
}

@inproceedings{Borra,
    author = {Erik Borra and Esther Weltevrede and Paolo Ciuccarelli and Andreas Kaltenbrunner and David Laniado and Giovanni Magni and Michele Mauri and Richard Rogers and Tommaso Venturini},
    title = {Societal Controversies in Wikipedia Articles},
    booktitle = {Proceedings of the 33rd Annual ACM Conference on Human Factors in Computing Systems},
    year = {2015},
    pages = {193--196},
    publisher = {ACM}
}

@inproceedings{MarchioriNegapedia, 
    author = {Massimo Marchiori and Enrico {Bonetti Vieno}},
    booktitle = {2018 IEEE/ACM International Conference on Advances in Social Networks Analysis and Mining (ASONAM)},
    title = {Negapedia: The Negative Side of Wikipedia},
    year = {2018},
    pages = {1--4},
    publisher = {IEEE Computer Society}
}

@inproceedings{MarchioriBattle,
    author = {Massimo Marchiori and Enrico {Bonetti Vieno}},
    booktitle = {2018 IEEE 16th International Conference on Dependable, Autonomic and Secure Computing, 16th International Conference on Pervasive Intelligence and Computing, 4th International Conference on Big Data Intelligence and Computing and Cyber Science and Technology Congress (DASC/PiCom/DataCom/CyberSciTech)},
    title = {The Battle for Information: Exposing Wikipedia},
    year = {2018},
    pages = {958--965},
    publisher = {IEEE Computer Society}
}

@thesis{Bonetti,
    author = {Enrico {Bonetti Vieno}},
    title = {Overpedia: Analisi di Wikipedia dal Punto di Vista Sociale},
    type = {Bachelor's thesis},
    institution = {Università degli Studi di Padova},
    year = {2016},
    langid = {italian}
}

@inproceedings{Buriol,
    author = {Luciana S. Buriol and Carlos Castillo and Debora Donato and Stefano Leonardi and Stefano Millozzi},
    title = {Temporal Analysis of the Wikigraph},
    booktitle = {Proceedings of the 2006 IEEE/WIC/ACM International Conference on Web Intelligence},
    year = {2006},
    pages = {45--51},
    publisher = {IEEE Computer Society}
}

@inproceedings{Zesch,
    title = {Analysis of the Wikipedia Category Graph for NLP Applications},
    author = {Torsten Zesch and Iryna Gurevych},
    booktitle = {Proceedings of the Second Workshop on TextGraphs: Graph-Based Algorithms for Natural Language Processing},
    year = {2007},
    publisher = {Association for Computational Linguistics},
    pages = {1--8}
}

@inproceedings{Bellomi,
    author = {Francesco Bellomi and Roberto Bonato},
    title = {Network analysis for Wikipedia},
    booktitle = {Proceedings of Wikimania 2005, The First International Wikimedia Conference},
    year = {2005}
}

@article{Salah,
    author = {Alkim Almila {Akdag Salah} and Cheng Gao and Krzysztof Suchecki and Andrea Scharnhorst},
    title = {Need to categorize: A comparative look at the categories of the Universal Decimal Classification system (UDC) and Wikipedia},
    journal = {CoRR},
    year = {2011}
}

@article{Voss,
    author = {Jakob Voss},
    title = {Collaborative thesaurus tagging the Wikipedia way},
    journal = {CoRR},
    year = {2006}
}

@article{Suchecki,
    title = {Evolution of Wikipedia's Category Structure},
    author = {Krzysztof Suchecki and Alkim Almila {Akdag Salah} and Cheng Gao and Andrea Scharnhorst},
    journal = {CoRR},
    year = {2012}
}

@inproceedings{Kamps,
    author = {Jaap Kamps and Marijn Koolen},
    title = {Is Wikipedia Link Structure Different?},
    booktitle = {Proceedings of the Second ACM International Conference on Web Search and Data Mining},
    year = {2009},
    pages = {232--241},
    publisher = {ACM}
}

@book{James,
    author = {Gareth James and Daniela Witten and Trevor Hastie and Robert Tibshirani},
    title = {An Introduction to Statistical Learning},
    year = {2014},
    publisher = {Springer}
}

@article{Hennig,
    author = {Christian Hennig and Mahmut Kutlukaya},
    title = {Some thoughts about the design of loss functions},
    journal = {Revstat Statistical Journal},
    year = {2007}
}

@book{Bishop,
    author = {Christopher M. Bishop},
    title = {Pattern Recognition and Machine Learning},
    year = {2006},
    publisher = {Springer}
}

@book{Mitchell,
    author = {Thomas M. Mitchell},
    title = {Machine Learning},
    year = {1997},
    publisher = {McGraw-Hill}
}

@book{Russell,
    author = {Stuart Russell and Peter Norvig},
    title = {Artificial Intelligence: A Modern Approach},
    year = {2009},
    edition = {3rd},
    publisher = {Prentice Hall Press}
}

@book{Goodfellow,
    title = {Deep Learning},
    author = {Ian Goodfellow and Yoshua Bengio and Aaron Courville},
    publisher = {MIT Press},
    year = {2016}
}

@book{Hastie,
    title = {The Elements of Statistical Learning: Data Mining, Inference, and Prediction},
    author = {Trevor Hastie and Robert Tibshirani and Jerome H. Friedman},
    year = {2009},
    publisher = {Springer}
}

@book{Chapelle,
    author = {Olivier Chapelle and Bernhard Schlkopf and Alexander Zien},
    title = {Semi-Supervised Learning},
    year = {2010},
    publisher = {MIT Press}
}

@article{Kaelbling,
    author = {Leslie Pack Kaelbling and Michael L. Littman and Andrew W. Moore},
    title = {Reinforcement Learning: A Survey},
    journal = {Journal of Artificial Intelligence Research},
    year = {1996},
    pages = {237--285},
    publisher = {AI Access Foundation}
}

@book{Mohri,
    author = {Mehryar Mohri and Afshin Rostamizadeh and Ameet Talwalkar},
    title = {Foundations of Machine Learning},
    year = {2012},
    publisher = {MIT Press}
}

@article{Geman,
    author = {Stuart Geman and Elie Bienenstock and René Doursat},
    title = {Neural Networks and the Bias/Variance Dilemma},
    journal = {Neural Computation},
    year = {1992},
    pages = {1--58},
    publisher = {MIT Press}
}

@article{Wolpert,
    author = {Wolpert, David H.},
    title = {The Lack of A Priori Distinctions Between Learning Algorithms},
    journal = {Neural Computation},
    pages = {1341--1390},
    year = {1996}
}

@techreport{Settles,
    Author = {Burr Settles},
    Institution = {University of Wisconsin -- Madison},
    Number = {1648},
    Title = {Active Learning Literature Survey},
    Type = {Computer Sciences Technical Report},
    Year = {2009}
}

@inproceedings{Zhang,
    author = {Ye Zhang and Matthew Lease and Byron C. Wallace},
    title = {Active Discriminative Text Representation Learning},
    booktitle = {Proceedings of the Thirty-First AAAI Conference on Artificial Intelligence},
    year = {2017},
    pages = {3386--3392},
    publisher = {AAAI Press}
}

@inproceedings{Bengio,
    author = {Yoshua Bengio and Jérôme Louradour and Ronan Collobert and Jason Weston},
    title = {Curriculum Learning},
    booktitle = {Proceedings of the 26th Annual International Conference on Machine Learning},
    year = {2009},
    pages = {41--48},
    publisher = {ACM}
}

@article{Hacohen,
    author = {Guy Hacohen and Daphna Weinshall},
    title = {On The Power of Curriculum Learning in Training Deep Networks},
    journal = {CoRR},
    year = {2019}
}

@book{Shalev-Shwartz,
    author = {Shai Shalev-Shwartz and Shai Ben-David},
    title = {Understanding Machine Learning: From Theory to Algorithms},
    year = {2014},
    publisher = {Cambridge University Press}
}

@article{Claesen,
    author = {Marc Claesen and Bart De Moor},
    title = {Hyperparameter Search in Machine Learning},
    journal = {CoRR},
    year = {2015}
}

@article{Bergstra,
    author = {James Bergstra and Yoshua Bengio},
    title = {Random Search for Hyper-parameter Optimization},
    journal = {Journal of Machine Learning Research},
    year = {2012},
    pages = {281--305},
    publisher = {JMLR.org}
}

@article{Sokolova,
    author = {Marina Sokolova and Guy Lapalme},
    title = {A Systematic Analysis of Performance Measures for Classification Tasks},
    journal = {Information Processing and Management},
    year = {2009},
    pages = {427--437},
    publisher = {Pergamon Press}
}

@inproceedings{Simard,
    author = {Patrice Y. Simard and Dave Steinkraus and John C. Platt},
    title = {Best Practices for Convolutional Neural Networks Applied to Visual Document Analysis},
    booktitle = {Proceedings of the Seventh International Conference on Document Analysis and Recognition},
    year = {2003},
    pages = {958--963},
    publisher = {IEEE Computer Society}
}

@incollection{Rumelhart,
    author = {David E. Rumelhart and Geoffrey E. Hinton and Ronald J. Williams},
    chapter = {Learning Representations by Back-propagating Errors},
    title = {Neurocomputing: Foundations of Research},
    year = {1988},
    pages = {696--699},
    publisher = {MIT Press}
}

@article{Schaul,
    title = {Unit Tests for Stochastic Optimization},
    author={Tom Schaul and Ioannis Antonoglou and David Silver},
    journal={CoRR},
    year={2014}
}

@article{LeCun,
    author = {Yann LeCun and Bernhard Boser and John S. Denker and Donnie Henderson and R. E. Howard and Wayne Hubbard and Lawrence D. Jackel},
    title = {Backpropagation Applied to Handwritten Zip Code Recognition},
    journal = {Neural Computation},
    year = {1989},
    pages = {541--551},
    publisher = {MIT Press}
}

@article{LeCunDeepLearning,
    title = {Deep learning},
    author = {Yann LeCun and Yoshua Bengio and Geoffrey Hinton},
    year = {2015},
    volume = {521},
    pages = {436--444},
    journal = {Nature},
    publisher = {Nature Publishing Group}
}

@inproceedings{Boureau,
    author = {Y-Lan Boureau and Jean Ponce and Yann LeCun},
    title = {A Theoretical Analysis of Feature Pooling in Visual Recognition},
    booktitle = {Proceedings of the 27th International Conference on International Conference on Machine Learning},
    year = {2010},
    pages = {111--118},
    publisher = {Omnipress}
}

@article{Scarselli,
    author = {Franco Scarselli and Marco Gori and Ah Chung Tsoi and Markus Hagenbuchner and Gabriele Monfardini},
    title = {The Graph Neural Network Model},
    journal = {IEEE Transcations on Neural Networks},
    year = {2009},
    pages = {61--80},
    publisher = {IEEE Press}
}

@article{Bronstein,
    author = {Michael M. Bronstein and Joan Bruna and Yann LeCun and Arthur Szlam and Pierre Vandergheynst},
    title = {Geometric deep learning: going beyond Euclidean data},
    journal = {CoRR},
    year = {2016}
}

@article{Wu,
    author = {Zonghan Wu and Shirui Pan and Fengwen Chen and Guodong Long and Chengqi Zhang and Philip S. Yu},
    title = {A Comprehensive Survey on Graph Neural Networks},
    journal = {CoRR},
    year = {2019}
}

@article{Shuman,
    author = {David I. Shuman and Sunil K. Narang and Pascal Frossard and Antonio Ortega and Pierre Vandergheynst},
    title = {The emerging field of signal processing on graphs: Extending high-dimensional data analysis to networks and other irregular domains},
    journal = {IEEE Signal Processing Magazine},
    year = {2013}
}

@article{Sandryhaila,
    author = {Aliaksei Sandryhaila and José M. F. Moura},
    title = {Discrete Signal Processing on Graphs: Frequency Analysis},
    journal = {CoRR},
    year = {2013},
}

@inproceedings{ShumanWindowed,
    author = {David I. Shuman and Benjamin Ricaud and Pierre Vandergheynst},
    title = {A windowed graph Fourier transform},
    booktitle = {2012 IEEE Statistical Signal Processing Workshop (SSP)},
    year = {2012},
    pages={133--136}
}

@article{Lafon,
    author = {Stéphane Lafon and A. B. Lee},
    journal = {IEEE Transactions on Pattern Analysis and Machine Intelligence},
    title = {Diffusion maps and coarse-graining: a unified framework for dimensionality reduction, graph partitioning, and data set parameterization},
    year = {2006},
    pages = {1393--1403}
}

@article{Defferrard,
    author = {Michaël Defferrard and Xavier Bresson and Pierre Vandergheynst},
    title = {Convolutional Neural Networks on Graphs with Fast Localized Spectral Filtering},
    journal = {CoRR},
    year = {2016}
}

@book{Chung,
    author = {Fan R. K. Chung},
    title = {Spectral Graph Theory},
    publisher = {American Mathematical Society},
    year = 1997
}

@article{Kipf,
    author = {Thomas N. Kipf and Max Welling},
    title = {Semi-Supervised Classification with Graph Convolutional Networks},
    journal = {CoRR},
    year = {2016},
}

@article{Burguillo,
    author = {Juan C. Burguillo},
    title = {Using Game Theory and Competition-based Learning to Stimulate Student Motivation and Performance},
    journal = {Computer Education},
    year = {2010},
    pages = {566--575},
    publisher = {Elsevier Science Ltd.}
}

@phdthesis{Fielding,
    author = {Roy Thomas Fielding},
    title = {Architectural Styles and the Design of Network-based Software Architectures},
    year = {2000},
    publisher = {University of California, Irvine},
}

@book{Gamma,
    author = {Erich Gamma and Richard Helm and Ralph Johnson and John Vlissides},
    title = {Design Patterns: Elements of Reusable Object-oriented Software},
    year = {1995},
    publisher = {Addison-Wesley Longman Publishing Co., Inc.},
}

@article{Blum,
    author = {Avrim Louis Blum and Pat Langley},
    title = {Selection of Relevant Features and Examples in Machine Learning},
    journal = {Artificial Intelligence},
    year = {1997},
    pages = {245--271},
    publisher = {Elsevier Science Publishers Ltd.}
}

@article{Conneau,
    author = {Alexis Conneau and Guillaume Lample and Marc'Aurelio Ranzato and Ludovic Denoyer and Hervé Jégou},
    title = {Word Translation Without Parallel Data},
    journal = {CoRR},
    year = {2017},
}

@article{Lample,
    title = {Unsupervised Machine Translation Using Monolingual Corpora Only},
    author = {Guillaume Lample and Alexis Conneau and Ludovic Denoyer and Marc'Aurelio Ranzato},
    journal = {CoRR},
    year = {2017}
}

@InProceedings{Joulin,
    title = {Loss in Translation: Learning Bilingual Word Mapping with a Retrieval Criterion},
    author = {Armand Joulin and Piotr Bojanowski and Tomas Mikolov and Hervé Jégou and Edouard Grave},
    year = {2018},
    booktitle = {Proceedings of the 2018 Conference on Empirical Methods in Natural Language Processing},
}

@article{Bojanowski,
    title = {Enriching Word Vectors with Subword Information},
    author = {Piotr Bojanowski and Edouard Grave and Armand Joulin and Tomas Mikolov},
    journal = {Transactions of the Association for Computational Linguistics},
    year={2017},
    pages={135--146}
}

@inproceedings{Galstyan,
    author = {Aram Galstyan and Paul Raymond Cohen},
    title = {Empirical Comparison of "Hard" and "Soft" Label Propagation for Relational Classification},
    booktitle = {Proceedings of the 17th International Conference on Inductive Logic Programming},
    year = {2008},
    pages = {98--111},
    publisher = {Springer-Verlag}
}

@book{Newman,
    title = {Networks: an introduction},
    author = {Mark E. J. Newman},
    publisher = {Oxford University Press},
    year = 2010
}

@article{Cai,
    author = {HongYun Cai and Vincent Wenchen Zheng and Kevin Chen{-}Chuan Chang},
    title = {Active Learning for Graph Embedding},
    journal = {CoRR},
    year = {2017},
}

@inproceedings{Bao,
    author = {Patti Bao and Brent Hecht and Samuel Carton and Mahmood Quaderi and Michael Horn and Darren Gergle},
    title = {Omnipedia: Bridging the Wikipedia Language Gap},
    booktitle = {Proceedings of the SIGCHI Conference on Human Factors in Computing Systems},
    year = {2012},
    pages = {1075--1084},
    publisher = {ACM}
}

@misc{KipfPrivate,
  author = {Thomas Kipf},
  howpublished = "private communication",
  year = "2019"
}

@inproceedings{Schonhofen,
    author = {Peter Schönhofen},
    title = {Identifying Document Topics Using the Wikipedia Category Network},
    booktitle = {2006 IEEE/WIC/ACM International Conference on Web Intelligence (WI 2006 Main Conference Proceedings)},
    year = {2006},
    pages = {456--462},
    publisher = {IEEE Computer Society}
}

@inproceedings{Glorot,
    title = {Understanding the difficulty of training deep feedforward neural networks},
    author = {Xavier Glorot and Yoshua Bengio},
    booktitle = {Proceedings of the Thirteenth International Conference on Artificial Intelligence and Statistics},
    pages = {249--256},
    year = {2010},
    publisher = {PMLR}
}

@article{Kingma,
    author = {Diederik Kingma and Jimmy Ba},
    year = {2014},
    title = {Adam: A Method for Stochastic Optimization},
    journal = {International Conference on Learning Representations}
}