@online{Wikistats,
    title={Wikimedia Statistics},
    url={http://stats.wikimedia.org/}
}

@online{WikimediaFoundation,
    title={Wikimedia Foundation Mission},
    url={http://wikimediafoundation.org/about/mission/}
}